@misc{mulitvariableNR,
    author    = "Ruye Wang",
    title     = "Newton-Raphson method (multivariate)",
    url       = "http://fourier.eng.hmc.edu/e176/lectures/NM/node21.html"
}

@misc{LinearCompanionModels,
    author  = "Steven Herbst, Antoine Levitt"
    title   = "Companion Models for Basic Non-Linear andTransient Devices"
    url     = "http://dev.hypertriton.com/edacious/trunk/doc/lec.pdf"
}